@online{ Chemie.de-Gaskonstante,
url = {https://www.chemie.de/lexikon/Universelle_Gaskonstante.html},
urldate = {2020-11-30},
title = {Literaturwert für die Gaskonstante R},
year = {2020},
}

@online{ Chemie.de-Wärmekapazität,
url = {https://www.chemie.de/lexikon/Spezifische_W\%C3\%A4rmekapazit\%C3\%A4t.html},
urldate = {2020-11-30},
title = {Literaturwert für spezifische Wärmekapazität von Wasser},
year = {2020},
}

@manual{D206,
title = {Versuchsanleitung zu Versuch D206 "Die Wärmepumpe"},
year = {2020},
organization = {Fakultät Phyik, TU Dortmund},
}

