

@manual{V354,
title = {Versuchsanleitung zu Versuch V354 "Gedämpfte und erzwungene Schwingungen"},
year = {2020},
organization = {Fakultät Phyik, TU Dortmund},
}

