

@online{c,
url = {https://www.spektrum.de/lexikon/physik/lichtgeschwindigkeit/9012},
urldate = {2020-12-05},
title = {Literaturwert für die Lichtgeschwindigkeit c},
year = {2020},
}


@online{e0,
url = {https://www.chemie.de/lexikon/Elementarladung.html},
urldate = {2020-12-05},
title = {Literaturwert für die Elementarladung},
year = {2020},
}
@online{ m0,
url = {https://www.chemie.de/lexikon/Elektron.html},
urldate = {2020-12-05},
title = {Literaturwert für die Ruhemasse eines Elektrons },
year = {2020},
}
@online{ Planck,
url = {https://www.chemie.de/lexikon/Plancksches_Wirkungsquantum.html},
urldate = {2020-12-05},
title = {Literaturwerte für das plancksche Wirkungsquantum},
year = {2020},
}

@online{ Ryd,
url = {https://www.chemie.de/lexikon/Rydberg-Konstante.html},
urldate = {2021-12-06},
title = {Literaturwerte für die Rydberg-Konstante und Energie},
year = {2021},
}

@online{ sommer,
url = {https://www.chemie.de/lexikon/Feinstrukturkonstante.html},
urldate = {2021-14-06},
title = {Literaturwerte für die Sommerfeldsche Feinstrukturkonstante},
year = {2021},
}




@manual{V602,
title = {Versuchsanleitung zu Versuch V602: "Röntgenemission und -absorption"},
year = {2021},
organization = {Fakultät Phyik, TU Dortmund},
}

@online{E_abs, 
url = {https://physics.nist.gov/cgi-bin/XrayTrans/search.pl?element=Cu&trans=All&lower=&upper=&units=eV}, 
urldate = {2021-05-10}, 
title = {X-Ray Transition Database}, 
author = {National Institute of Standards and Technology}
}

@online{sigma, 
url = {http://skuld.bmsc.washington.edu/scatter/AS_periodic.html}, 
urldate = {2021-05-10}, 
title = {X-Ray Absorption edges}
}