

@manual{V353,
title = {Versuchsanleitung zu Versuch V353: "Das Relaxationsverhalten eines RC-Kreises"},
year = {2021},
organization = {Fakult√§t Phyik, TU Dortmund},
}


