

@online{c,
url = {https://www.spektrum.de/lexikon/physik/lichtgeschwindigkeit/9012},
urldate = {2020-12-05},
title = {Literaturwert für die Lichtgeschwindigkeit c},
year = {2020},
}


@online{n,
url = {https://www.chemie.de/lexikon/Brechzahl.html},
urldate = {2021-25-04},
title = {Literaturwert für verschiedene Brechungsindizes},
year = {2021},
}







@manual{V400,
title = {Versuchsanleitung zu Versuch V400: Reflexion, Brechung und Beugung"},
year = {2021},
organization = {Fakultät Phyik, TU Dortmund},
}


