





@manual{V302,
title = {Versuchsanleitung zu Versuch V302: "Elektrische BrückenschaItungen"},
year = {2021},
organization = {Fakultät Phyik, TU Dortmund},
}


