@online{ Chemie.de-Avogadro-Konstante,
url = {https://www.chemie.de/lexikon/Avogadro-Konstante.html},
urldate = {2020-11-15},
title = {Literaturwert für die Avogadro-Konstante},
year = {2020},
}
@online{ Chemie.de-Gaskonstante,
url = {https://www.chemie.de/lexikon/Universelle_Gaskonstante.html},
urldate = {2020-11-30},
title = {Literaturwert für die Gaskonstante R},
year = {2020},
}

@online{ Chemie-Schule.de-Verdampfungswärme,
url = {https://www.chemie-schule.de/KnowHow/Verdampfungswärme},
urldate = {2020-11-16},
title = {Literaturwerte für spezifische Wärmekapazität von Wasser},
year = {2020},
}

@manual{V203,
title = {Versuchsanleitung zu Versuch V203 "Verdampfungswärme und Dampfdruck-Kurve"},
year = {2020},
organization = {Fakultät Phyik, TU Dortmund},
}

