

@online{c,
url = {https://www.spektrum.de/lexikon/physik/lichtgeschwindigkeit/9012},
urldate = {2020-12-05},
title = {Literaturwert für die Lichtgeschwindigkeit c},
year = {2020},
}


@online{e0,
url = {https://www.chemie.de/lexikon/Elementarladung.html},
urldate = {2020-12-05},
title = {Literaturwert für die Elementarladung},
year = {2020},
}
@online{ m0,
url = {https://www.chemie.de/lexikon/Elektron.html},
urldate = {2020-12-05},
title = {Literaturwert für die Ruhemasse eines Elektrons },
year = {2020},
}
@online{ Planck,
url = {https://www.chemie.de/lexikon/Plancksches_Wirkungsquantum.html},
urldate = {2020-12-05},
title = {Literaturwerte für das plancksche Wirkungsquantum},
year = {2020},
}


@online{n,
	url = {https://refractiveindex.info/?shelf=other&book=air&page=Ciddor},
	urldate = {2021-07-06},
	title = {Literaturwerte für den Brechungsindex},
	author = {Mikhail Polyanskiy},
	year = {2021},
}


@manual{V401,
title = {Versuchsanleitung zu Versuch V401: "Das Michelson-Interferometer"},
year = {2021},
organization = {Fakultät Phyik, TU Dortmund},
}


