@online{e0,
url = {https://www.chemie.de/lexikon/Elementarladung.html},
urldate = {2020-12-05},
title = {Literaturwert für die Elementarladung},
year = {2020},
}

@online{c,
url = {https://www.spektrum.de/lexikon/physik/lichtgeschwindigkeit/9012},
urldate = {2020-12-05},
title = {Literaturwert für die Lichtgeschwindigkeit c},
year = {2020},
}

@online{ m0,
url = {https://www.chemie.de/lexikon/Elektron.html},
urldate = {2020-12-05},
title = {Literaturwert für die Ruhemasse eines Elektrons },
year = {2020},
}

@online{ Planck,
url = {https://www.chemie.de/lexikon/Plancksches_Wirkungsquantum.html},
urldate = {2020-12-05},
title = {Literaturwerte für das lancksche Wirkungsquantum},
year = {2020},
}

@online{ Boltzmann,
url = {https://www.chemie-schule.de/KnowHow/Boltzmannkonstante},
urldate = {2020-11-24},
title = {Literaturwerte für die Boltzmann-Konstante},
year = {2020},
}



@manual{500,
title = {Versuchsanleitung zu Versuch 500: Der Photoeffekt"},
year = {2021},
organization = {Fakultät Phyik, TU Dortmund},
}


