

@manual{V703,
title = {Versuchsanleitung zu Versuch V703 "Das Geiger-Müller-Zählrohr"},
year = {2021},
organization = {Fakultät Phyik, TU Dortmund},
}

