

@online{c,
url = {https://www.spektrum.de/lexikon/physik/lichtgeschwindigkeit/9012},
urldate = {2020-12-05},
title = {Literaturwert für die Lichtgeschwindigkeit c},
year = {2020},
}


@online{e0,
url = {https://www.chemie.de/lexikon/Elementarladung.html},
urldate = {2020-12-05},
title = {Literaturwert für die Elementarladung},
year = {2020},
}
@online{ m0,
url = {https://www.chemie.de/lexikon/Elektron.html},
urldate = {2020-12-05},
title = {Literaturwert für die Ruhemasse eines Elektrons },
year = {2020},
}
@online{ Planck,
url = {https://www.chemie.de/lexikon/Plancksches_Wirkungsquantum.html},
urldate = {2020-12-05},
title = {Literaturwerte für das plancksche Wirkungsquantum},
year = {2020},
}

@online{ Ryd,
url = {https://www.chemie.de/lexikon/Rydberg-Konstante.html},
urldate = {2021-12-06},
title = {Literaturwerte für die Rydberg-Konstante und Energie},
year = {2020},
}

@online{ leit,
url = {https://www.chemie.de/lexikon/W%C3%A4rmeleitf%C3%A4higkeit.html},
urldate = {2021-21-06},
title = {Literaturwerte für Wärmeleitfähgkeiten.},
year = {2021},
}




@manual{V204,
title = {Versuchsanleitung zu Versuch V204: "Wärmeleitung von Metallen"},
year = {2021},
organization = {Fakultät Phyik, TU Dortmund},
}

