

@online{c,
url = {https://www.spektrum.de/lexikon/physik/lichtgeschwindigkeit/9012},
urldate = {2020-12-05},
title = {Literaturwert für die Lichtgeschwindigkeit c},
year = {2020},
}


@online{n,
url = {https://www.chemie.de/lexikon/Brechzahl.html},
urldate = {2021-25-04},
title = {Literaturwert für verschiedene Brechungsindizes},
year = {2021},
}

@online{e0,
url = {https://www.chemie.de/lexikon/Elementarladung.html},
urldate = {2020-12-05},
title = {Literaturwert für die Elementarladung},
year = {2020},
}
@online{ m0,
url = {https://www.chemie.de/lexikon/Elektron.html},
urldate = {2020-12-05},
title = {Literaturwert für die Ruhemasse eines Elektrons },
year = {2020},
}
@online{ Planck,
url = {https://www.chemie.de/lexikon/Plancksches_Wirkungsquantum.html},
urldate = {2020-12-05},
title = {Literaturwerte für das plancksche Wirkungsquantum},
year = {2020},
}
@online{theo,
  url = {https://physics.nist.gov/PhysRefData/XrayTrans/Html/search.html},
  urldate = {2021-04-27},
  title = {X-ray Transistion Energies Database},
  year = {2020},
}





@manual{V602,
title = {Versuchsanleitung zu Versuch V602: "Der Compton-Effekt"},
year = {2021},
organization = {Fakultät Phyik, TU Dortmund},
}


