@online{e0,
url = {https://www.chemie.de/lexikon/Elementarladung.html},
urldate = {2020-12-05},
title = {Literaturwert für die Elementarladung},
year = {2020},
}

@online{c,
url = {https://www.spektrum.de/lexikon/physik/lichtgeschwindigkeit/9012},
urldate = {2020-12-05},
title = {Literaturwert für die Lichtgeschwindigkeit c},
year = {2020},
}

@online{ m0,
url = {https://www.chemie.de/lexikon/Elektron.html},
urldate = {2020-12-05},
title = {Literaturwert für die Ruhemasse eines Elektrons },
year = {2020},
}

@online{ Planck,
url = {https://www.chemie.de/lexikon/Plancksches_Wirkungsquantum.html},
urldate = {2020-12-05},
title = {Literaturwerte für das lancksche Wirkungsquantum},
year = {2020},
}

@online{ Boltzmann,
url = {https://www.chemie-schule.de/KnowHow/Boltzmannkonstante},
urldate = {2020-11-24},
title = {Literaturwerte für die Boltzmann-Konstante},
year = {2020},
}

@online{ Widerstand,
url = {https://www.elektrotechnik-fachwissen.de/tabellen/spezifische-widerstaende-leitwerte.php},
urldate = {2020-12-06},
title = {Literaturwerte für die spezifischen Widerstände und die Leitfähigkeit.},
year = {2020},
}

@book{fkp,
title={ Einführung in die Festkörperphysik },
subtitle={ Auflage 5 },
pages= {113,163},
author = {Kopitzki, Konrad ; Herzog, Peter  },
year = {2004 },
isbn = { 978-3-519-43083-4 },
publisher= { Vieweg+Teubner Verlag },
}

@manual{V311,
title = {Versuchsanleitung zu Versuch V311: Hall-Effekt und Elektrizitätsleitung bei Metallen"},
year = {2020},
organization = {Fakultät Phyik, TU Dortmund},
}

@online{Avogadro,
url = {https://www.chemie.de/lexikon/Avogadro-Konstante.html},
urldate = {2020-11-15},
title = {Literaturwert für die Avogadro-Konstante},
year = {2020},
}
