
@manual{V106,
title = {Versuchsanleitung zu Versuch V106: "Gekoppelte Pendel"},
year = {2021},
organization = {Fakult√§t Phyik, TU Dortmund},
}


