

@online{c,
url = {https://www.spektrum.de/lexikon/physik/lichtgeschwindigkeit/9012},
urldate = {2020-12-05},
title = {Literaturwert f체r die Lichtgeschwindigkeit c},
year = {2020},
}


@online{ Planck,
url = {https://www.chemie.de/lexikon/Plancksches_Wirkungsquantum.html},
urldate = {2020-12-05},
title = {Literaturwerte f체r das plancksche Wirkungsquantum},
year = {2020},
}



@manual{V204,
title = {Versuchsanleitung zu Versuch V204: "W채rmeleitung von Metallen"},
year = {2021},
organization = {Fakult채t Phyik, TU Dortmund},
}

