

@manual{US1,
title = {Versuchsanleitung zu Versuch US1: "Grundlagen der Ultraschalltechnik"},
year = {2021},
organization = {Fakult√§t Phyik, TU Dortmund},
}


