

@manual{V702,
title = {Versuchsanleitung zu Versuch V703 "Aktivierung mit Neutronen"},
year = {2021},
organization = {Fakultät Phyik, TU Dortmund},
}

@online{Vanadium,
url = {https://www.internetchemie.info/chemische-elemente/vanadium-isotope.php},
urldate = {2021-01-22},
title = {Literaturwert für die Halbwertszeiten Vanadium-Isotopen},
year = {2021},
}

@online{Rhodium,
url = {https://www.internetchemie.info/chemische-elemente/rhodium-isotope.php},
urldate = {2021-01-22},
title = {Literaturwert für die Halbwertszeiten von Rhodium-Isotopen},
year = {2021},
}
